@ARTICLE{Elith2009,
  title        = {Species distribution models: Ecological explanation and
                  prediction across space and time},
  author       = {Elith, Jane and Leathwick, John R},
  journaltitle = {Annual review of ecology, evolution, and systematics},
  publisher    = {Annual Reviews},
  volume       = {40},
  issue        = {1},
  pages        = {677--697},
  date         = {2009-12-01},
  doi          = {10.1146/annurev.ecolsys.110308.120159}
}

@ARTICLE{Kass2024-vy,
  title        = {Achieving higher standards in species distribution modeling by
                  leveraging the diversity of available software},
  author       = {Kass, Jamie M and Smith, Adam B and Warren, Dan L and Vignali,
                  Sergio and Schmitt, Sylvain and Aiello-Lammens, Matthew E and
                  Arlé, Eduardo and Márcia Barbosa, Ana and Broennimann, Olivier
                  and Cobos, Marlon E and Guéguen, Maya and Guisan, Antoine and
                  Merow, Cory and Naimi, Babak and Nobis, Michael P and Ondo,
                  Ian and Osorio-Olvera, Luis and Owens, Hannah L and
                  Pinilla-Buitrago, Gonzalo E and Sánchez-Tapia, Andrea and
                  Thuiller, Wilfried and Valavi, Roozbeh and Velazco, Santiago
                  José Elías and Zizka, Alexander and Zurell, Damaris},
  journaltitle = {Ecography},
  publisher    = {Wiley},
  date         = {2024-11-19},
  doi          = {10.1111/ecog.07346}
}
